<?xml version='1.0' encoding='UTF-8'?>
<record xmlns="http://www.loc.gov/MARC21/slim">
  <leader>00764cam a2200229 a 4500</leader>
  <controlfield tag="001">4214014</controlfield>
  <controlfield tag="003">NjP</controlfield>
  <controlfield tag="005">20180420175100.0</controlfield>
  <controlfield tag="008">961104s1924    ua ab         000 0 ara d</controlfield>
  <datafield tag="024" ind1="7" ind2=" ">
    <subfield code="a">princeton_aco002303</subfield>
    <subfield code="2">local</subfield>
  </datafield>
  <datafield ind1=" " ind2=" " tag="035">
    <subfield code="a">(OCoLC)84589429</subfield>
  </datafield>
  <datafield ind1=" " ind2=" " tag="035">
    <subfield code="a">(MH)MHBJA72987HU</subfield>
  </datafield>
  <datafield ind1=" " ind2=" " tag="035">
    <subfield code="a">(CStRLIN)MAHGBJA72987-B</subfield>
  </datafield>
  <datafield ind1=" " ind2=" " tag="040">
    <subfield code="a">MH</subfield>
    <subfield code="c">MH</subfield>
    <subfield code="d">CStRLIN</subfield>
    <subfield code="d">NjP</subfield>
  </datafield>
  <datafield ind1=" " ind2=" " tag="043">
    <subfield code="a">f-sj---</subfield>
  </datafield>
  <datafield ind1=" " ind2="4" tag="050">
    <subfield code="a">DT156</subfield>
    <subfield code="b">.K352 1924</subfield>
  </datafield>
  <datafield ind1="1" ind2=" " tag="100">
    <subfield code="a">Kamāl, Ḥasan.</subfield>
  </datafield>
  <datafield ind1="1" ind2="0" tag="245">
    <subfield code="a">Tārīkh al-Sūdān al-qadīm /</subfield>
    <subfield code="c">taʼlīf Ḥasan Kamāl.</subfield>
  </datafield>
  <datafield ind1=" " ind2=" " tag="260">
    <subfield code="a">Miṣr :</subfield>
    <subfield code="b">Maṭbaʻat al-Muqtaṭaf wa-al-Muqaṭṭam,</subfield>
    <subfield code="c">1924.</subfield>
  </datafield>
  <datafield ind1=" " ind2=" " tag="300">
    <subfield code="a">79 p. :</subfield>
    <subfield code="b">ill., map. ;</subfield>
    <subfield code="c">23 cm.</subfield>
  </datafield>
  <datafield ind1=" " ind2="0" tag="651">
    <subfield code="a">Sudan</subfield>
    <subfield code="x">History</subfield>
    <subfield code="y">To 1821.</subfield>
    <subfield code="0">http://id.loc.gov/authorities/subjects/sh85129605</subfield>
  </datafield>
  <datafield ind1=" " ind2=" " tag="998">
    <subfield code="s">9555</subfield>
  </datafield>
  <datafield ind1=" " ind2=" " tag="904">
    <subfield code="a">llb</subfield>
    <subfield code="b">o</subfield>
    <subfield code="h">m</subfield>
    <subfield code="c">b</subfield>
    <subfield code="e">20040811</subfield>
  </datafield>
  <datafield ind1=" " ind2=" " tag="902">
    <subfield code="a">kc</subfield>
    <subfield code="b">o</subfield>
    <subfield code="6">a</subfield>
    <subfield code="7">m</subfield>
    <subfield code="d">v</subfield>
    <subfield code="f">1</subfield>
    <subfield code="e">20060725</subfield>
  </datafield>
  <datafield ind1="0" ind2=" " tag="852">
    <subfield code="0">4480797</subfield>
    <subfield code="b">nec</subfield>
    <subfield code="h">DT156</subfield>
    <subfield code="i">.K352 1924</subfield>
  </datafield>
  <datafield ind1=" " ind2=" " tag="959">
    <subfield code="a">2004-09-01 11:28:33 -0400</subfield>
  </datafield>
</record>
